% Encoding: UTF-8

@Article{Kuby1987Programming,
  author    = {Kuby, Michael J},
  title     = {Programming models for facility dispersion: The p-dispersion and maxisum dispersion problems},
  journal   = {Geographical Analysis},
  year      = {1987},
  volume    = {19},
  number    = {4},
  pages     = {315--329},
  publisher = {Wiley Online Library},
}

@Article{Saboonchi2014MaxMinMin,
  author  = {Behnaz Saboonchi and Pierre Hansen and Sylvain Perron},
  title   = {MaxMinMin p-dispersion problem: A variable neighborhood search approach},
  journal = {Computers \& Operations Research},
  year    = {2014},
  volume  = {52},
  pages   = {251--259},
}

@Article{Erkut1989Analytical,
  author    = {Erkut, Erhan and Neuman, Susan},
  title     = {Analytical models for locating undesirable facilities},
  journal   = {European Journal of Operational Research},
  year      = {1989},
  volume    = {40},
  number    = {3},
  pages     = {275--291},
  publisher = {Elsevier},
}

@Article{Erkut1990discrete,
  author    = {Erkut, Erhan},
  title     = {The discrete p-dispersion problem},
  journal   = {European Journal of Operational Research},
  year      = {1990},
  volume    = {46},
  number    = {1},
  pages     = {48--60},
  publisher = {Elsevier},
}

@Article{Sayah2017new,
  author    = {David Sayah and Stefan Irnich},
  title     = {A new compact formulation for the discrete p-dispersion problem},
  journal   = {European Journal of Operational Research},
  year      = {2017},
  volume    = {256},
  number    = {1},
  pages     = {62--67},
  bibsource = {dblp computer science bibliography, https://dblp.org},
  biburl    = {https://dblp.org/rec/bib/journals/eor/SayahI17},
}

@Book{Laporte2015Location,
  title     = {Location science},
  publisher = {Springer},
  year      = {2015},
  author    = {Laporte, Gilbert and Nickel, Stefan and da Gama, Francisco Saldanha},
  volume    = {528},
}

@Article{Melo2009Facility,
  author    = {Melo, M Teresa and Nickel, Stefan and Saldanha-Da-Gama, Francisco},
  title     = {Facility location and supply chain management--A review},
  journal   = {European Journal of Operational Research},
  year      = {2009},
  volume    = {196},
  number    = {2},
  pages     = {401--412},
  publisher = {Elsevier},
}

@Article{Delattre1980Bicriterion,
  author  = {M. {Delattre} and P. {Hansen}},
  title   = {Bicriterion Cluster Analysis},
  journal = {IEEE Transactions on Pattern Analysis and Machine Intelligence},
  year    = {1980},
  volume  = {2},
  number  = {4},
  pages   = {277--291},
}

@Article{Pisinger2006Upper,
  author    = {Pisinger, David},
  title     = {Upper bounds and exact algorithms for p-dispersion problems},
  journal   = {Computers \& Operations Research},
  year      = {2006},
  volume    = {33},
  number    = {5},
  pages     = {1380--1398},
  publisher = {Elsevier},
}

@Article{Drezner1995Solving,
  author  = {Drezner, Zvi and Erkut, Erhan},
  title   = {Solving the continuous p-dispersion problem using non-linear programming},
  journal = {Journal of the Operational Research Society},
  year    = {1995},
  volume  = {46},
  number  = {4},
  pages   = {516--520},
}

@Article{Erkut1994comparisona,
  author        = {Erkut, Erhan and {\"U}lk{\"u}sal, Yilmaz and Yenicerio{\u{g}}lu, Oktay},
  title         = {A comparison of p-dispersion heuristics},
  journal       = {Computers \& operations research},
  year          = {1994},
  volume        = {21},
  number        = {10},
  pages         = {1103--1113},
  __markedentry = {[claudio:]},
  publisher     = {Elsevier},
}

@Article{Chandrasekaran1981Location,
  author  = {R. Chandrasekaran and A. Daughety},
  title   = {Location on Tree Networks: P-Centre and n-Dispersion Problems},
  journal = {Mathematics of Operations Research},
  year    = {1981},
  volume  = {6},
  number  = {1},
  pages   = {50--57},
}

@Article{Aloise2018sampling,
  author        = {Aloise, Daniel and Contardo, Claudio},
  title         = {A sampling-based exact algorithm for the solution of the minimax diameter clustering problem},
  journal       = {Journal of Global Optimization},
  year          = {2018},
  pages         = {1--18},
  __markedentry = {[claudio:6]},
  publisher     = {Springer},
}

@Article{Contardo2019scalable,
  author        = {Contardo, Claudio and Iori, Manuel and Kramer, Raphael},
  title         = {A scalable exact algorithm for the vertex p-center problem},
  journal       = {Computers \& Operations Research},
  year          = {2019},
  volume        = {103},
  pages         = {211--220},
  __markedentry = {[claudio:6]},
  publisher     = {Elsevier},
}

@Article{Chen2009New,
  author  = {Doron Chen and Reuven Chen},
  title   = {New relaxation-based algorithms for the optimal solution of the continuous and discrete p-center problems},
  journal = {Computers {\&} Operations Research},
  year    = {2009},
  volume  = {36},
  number  = {5},
  pages   = {1646--1655},
}

@Article{Braysy2005Vehicle,
  author  = {Br{\"a}ysy, Olli and Gendreau, Michel},
  title   = {Vehicle routing problem with time windows, Part I: Route construction and local search algorithms},
  journal = {Transportation Science},
  year    = {2005},
  volume  = {39},
  number  = {1},
  pages   = {104--118},
}

@Article{Beasley1983Route,
  author  = {JE Beasley},
  title   = {Route first-luster second methods for vehicle routing},
  journal = {Omega},
  year    = {1983},
  volume  = {11},
  number  = {4},
  pages   = {403--408},
}

@Article{Prins2014Order,
  author  = {Christian Prins and Philippe Lacomme and Caroline Prodhon},
  title   = {Order-first split-second methods for vehicle routing problems: A review},
  journal = {Transportation Research Part C: Emerging Technologies},
  year    = {2014},
  volume  = {40},
  pages   = {179--200},
}

@Article{Solomon1987Algorithms,
  author    = {Solomon, Marius M},
  title     = {Algorithms for the vehicle routing and scheduling problems with time window constraints},
  journal   = {Operations Research},
  year      = {1987},
  volume    = {35},
  number    = {2},
  pages     = {254--265},
  publisher = {Informs},
}

@Article{Statman1987How,
  author    = {Statman, Meir},
  title     = {How Many Stocks Make a Diversified Portfolio?},
  journal   = {Journal of Financial and Quantitative Analysis},
  year      = {1987},
  volume    = {22},
  number    = {3},
  pages     = {353â€“363},
  doi       = {10.2307/2330969},
  publisher = {Cambridge University Press},
}

@Comment{jabref-meta: databaseType:bibtex;}
